% incl/bib/articles.bib : referencer til artikler
% ------------------------------------------------------------------------------
@Article{prim,
  author    = {Michael Dinitz},
  title     = {Introduction to algortihms},
  publisher = {Johns Hopkins Whiting Shool of Engineering},
  year      = {2014},
  edition   = {}
}

@Misc{orebevis,
	title     = {{Proof of Ore's Theorem}},
	author		= {{Royal Holloway University of London}},
  note = {Tilg√•et d. 10/12-2019},
  howpublished = {\url{http://www.ma.rhul.ac.uk/~uvah099/Maths/Combinatorics07/Old/Ore.pdf}}
}