% books.bib : referencer til lærebøger
% ------------------------------------------------------------------------------


@Book{dmat,
  author    = {Kenneth H. Rosen},
  title     = {Discrete Mathematics and Its Applications},
  publisher = {McGraw-Hill},
  year      = {2013},
  edition   = {7th}
}

@Book{calc,
  author    = {C. Henry Edwards and David E. Penney},
  title     = {Calculus: Early Transcendentals},
  publisher = {Pearson},
  year      = {2014},
  edition   = {7th}
}

@Book{lial,
  author    = {L. Spence and A. Insel and S. Friedberg},
  title     = {Elementary Linear Algebra: A Matrix Approach},
  publisher = {Pearson},
  year      = {2014},
  edition   = {2nd}
}

@Book{wilson_graph,
  author    = {Robin J. Wilson},
  title     = {Introduction to Graph Theory},
  publisher = {Longman Group Ltd.},
  year      = {1996},
  edition   = {4th}
}

@Book{computers,
  author	 	= {Michael R. Garey and David S. Johnson},
  title		= {computers and interactability: a guide to NP completeness},
  publisher	= {W. H. Freeman and Company},
  year		= {1979},
  edition	= {5th}
}
	
@Book{complex,
  author    = {Ingo Wegener},
  title     = {Complexity Theory},
  publisher = {Springer, Berlin, Heidelberg},
  year      = {2005},
  edition   = {1st}
}

